<record><leader>00000cas a22000007a 4500</leader><controlfield tag="001">13987806</controlfield><controlfield tag="008">860730u1918uuuutxuwr ne      0    0eng d</controlfield><datafield ind1=" " ind2=" " tag="010"><subfield code="a">sn 86088316 </subfield></datafield><datafield ind1=" " ind2=" " tag="040"><subfield code="a">PPM</subfield><subfield code="b">eng</subfield><subfield code="c">PPM</subfield><subfield code="d">OCLCQ</subfield></datafield><datafield ind1=" " ind2=" " tag="042"><subfield code="a">msc</subfield></datafield><datafield ind1="0" ind2="0" tag="245"><subfield code="a">Matagorda County news and new era.</subfield></datafield><datafield ind1="1" ind2="7" tag="246"><subfield code="a">New era</subfield></datafield><datafield ind1="1" ind2="3" tag="246"><subfield code="a">Matagorda county news</subfield></datafield><datafield ind1=" " ind2=" " tag="260"><subfield code="a">Bay City, Tex. :</subfield><subfield code="b">McDaniel Print. Co.</subfield></datafield><datafield ind1=" " ind2=" " tag="300"><subfield code="a">v.</subfield></datafield><datafield ind1=" " ind2=" " tag="310"><subfield code="a">Weekly</subfield></datafield><datafield ind1="1" ind2=" " tag="362"><subfield code="a">Began in 1918?</subfield></datafield><datafield ind1=" " ind2=" " tag="500"><subfield code="a">Continues numbering of the "Matagorda county news and midcoast farmer."</subfield></datafield><datafield ind1=" " ind2=" " tag="580"><subfield code="a">Formed by the union of: New era, and Matagorda County news and Midcoast farmer.</subfield></datafield><datafield ind1=" " ind2=" " tag="588"><subfield code="a">Description based on: Vol. 6, no. 48 (July 18, 1918).</subfield></datafield><datafield ind1=" " ind2=" " tag="752"><subfield code="a">United States</subfield><subfield code="b">Texas</subfield><subfield code="c">Matagorda</subfield><subfield code="d">Bay City.</subfield></datafield><datafield ind1="1" ind2="4" tag="780"><subfield code="t">New era</subfield></datafield><datafield ind1="1" ind2="4" tag="780"><subfield code="t">Matagorda county news and midcoast farmer</subfield></datafield><datafield ind1="1" ind2=" " tag="029"><subfield code="a">AU@</subfield><subfield code="b">000025834191</subfield></datafield></record>